@ARTICLE{2005ApJ...622..759G,
  author =       {{G{\'o}rski}, K.~M. and {Hivon}, E. and {Banday},
                  A.~J. and {Wandelt}, B.~D. and {Hansen}, F.~K. and
                  {Reinecke}, M. and {Bartelmann}, M.},
  title =        "{HEALPix: A Framework for High-Resolution
                  Discretization and Fast Analysis of Data Distributed
                  on the Sphere}",
  journal =      {\apj},
  eprint =       {astro-ph/0409513},
  keywords =     {Cosmology: Cosmic Microwave Background, Cosmology:
                  Observations, Methods: Statistical},
  year =         2005,
  month =        apr,
  volume =       622,
  pages =        {759-771},
  doi =          {10.1086/427976},
  adsurl =       {http://adsabs.harvard.edu/abs/2005ApJ...622..759G},
  adsnote =      {Provided by the SAO/NASA Astrophysics Data System}
}

@ARTICLE{2007MNRAS.381..865C,
  author =       {{Calabretta}, M.~R. and {Roukema}, B.~F.},
  title =        "{Mapping on the HEALPix grid}",
  journal =      {\mnras},
  keywords =     {methods: data analysis, methods: statistical,
                  techniques: image processing, astronomical data
                  bases: miscellaneous, cosmic microwave background,
                  cosmology: observations},
  year =         2007,
  month =        oct,
  volume =       381,
  pages =        {865-872},
  doi =          {10.1111/j.1365-2966.2007.12297.x},
  adsurl =       {http://adsabs.harvard.edu/abs/2007MNRAS.381..865C},
  adsnote =      {Provided by the SAO/NASA Astrophysics Data System}
}
